@article{assarsson2000optimized,
  title={Optimized view frustum culling algorithms for bounding boxes},
  author={Assarsson, Ulf and Moller, Tomas},
  journal={Journal of graphics tools},
  volume={5},
  number={1},
  pages={9--22},
  year={2000},
  publisher={Taylor \& Francis}
}

@inproceedings{sykora2002efficient,
  title={Efficient View Frustum Culling},
  author={Sýkora, Daniel and Jelínek, Josef},
  booktitle={Central European Seminar on Computer Graphics},
  year={2002}
}
@article{gribb2001fast,
  title={Fast extraction of viewing frustum planes from the world-view-projection matrix},
  author={Gribb, Gil and Hartmann, Klaus},
  journal={Online document},
  year={2001}
}